<?xml version="1.0" encoding="UTF-8"?><collection xmlns="http://www.loc.gov/MARC21/slim"><record><leader>00463nam--2200157-i-4500</leader><controlfield tag="001">000012191</controlfield><controlfield tag="002">20161230</controlfield><controlfield tag="005">20170115215445</controlfield><controlfield tag="008">060222s1000------------r-----000-0-eng-d</controlfield><datafield ind1=" " ind2=" " tag="080"><subfield code="a">512.813.52(043)</subfield></datafield><datafield ind1=" " ind2=" " tag="100"><subfield code="a">Chatelet, Gilles</subfield></datafield><datafield ind1=" " ind2=" " tag="245"><subfield code="a">Sur la theorie qualitative des feuilletages is sus d actions de groupe a croissance polymiale these</subfield></datafield><datafield ind1=" " ind2=" " tag="260"><subfield code="a">Paris</subfield><subfield code="b">Univerite De Paris-sud</subfield><subfield code="c">1975</subfield></datafield><datafield ind1=" " ind2=" " tag="300"><subfield code="a">31 p</subfield></datafield><datafield ind1=" " ind2=" " tag="852"><subfield code="a">44916</subfield></datafield><datafield ind1=" " ind2=" " tag="CAT"><subfield code="a">SYS</subfield><subfield code="c">20170115</subfield><subfield code="h">215445</subfield></datafield></record></collection>